@book{evans2004domain,
  title={Domain-driven design: tackling complexity in the heart of software},
  author={Evans, Eric},
  year={2004},
  publisher={Addison-Wesley Professional}
}
